<?xml version="1.0" encoding="UTF-8"?><collection><record><leader>06856ntm a2200529 a 4500</leader><controlfield tag="001">006816035</controlfield><controlfield tag="003">MiAaHDL</controlfield><controlfield tag="005">20190719000000.0</controlfield><controlfield tag="006">m        d        </controlfield><controlfield tag="007">cr bn ---auaua</controlfield><controlfield tag="008">090611s1620    xx            00| ||per d</controlfield><datafield tag="035" ind1=" " ind2=" "><subfield code="a">(MiU)006816035</subfield></datafield><datafield tag="035" ind1=" " ind2=" "><subfield code="a">sdr-miu006816035</subfield></datafield><datafield tag="040" ind1=" " ind2=" "><subfield code="a">MiU</subfield><subfield code="c">MiU</subfield><subfield code="e">amremm</subfield></datafield><datafield tag="043" ind1=" " ind2=" "><subfield code="a">n-us-mi</subfield></datafield><datafield tag="100" ind1="1" ind2=" "><subfield code="6">880-01</subfield><subfield code="a">ʻUrfī Shīrāzī, Muḥammad,</subfield><subfield code="d">1555 or 1556-1590 or 1591.</subfield></datafield><datafield tag="245" ind1="1" ind2="0"><subfield code="6">880-03</subfield><subfield code="a">Dīvān-i ʻUrfī,</subfield><subfield code="f">[1029, i.e. 1620].</subfield></datafield><datafield tag="246" ind1="3" ind2=" "><subfield code="a">ديوان عرفى</subfield></datafield><datafield tag="260" ind1=" " ind2=" "><subfield code="c">[1620].</subfield></datafield><datafield tag="300" ind1=" " ind2=" "><subfield code="a">328 leaves :</subfield><subfield code="b">paper ;</subfield><subfield code="c">238 x 139 (164 x 72) mm.</subfield></datafield><datafield tag="500" ind1=" " ind2=" "><subfield code="a">Shelfmark: Ann Arbor, University of Michigan, Special Collections Library, Isl. Ms. 338</subfield></datafield><datafield tag="500" ind1=" " ind2=" "><subfield code="a">Origin: As appears in inscription on 'title page' (p.1) and in colophons on p.201 and 331, copied by one ʻAbd al-Ghanī Bakrī [?]. As appears in colophon on p.201, transcription of qaṣāyid completed in Dhū Qaʻdah 1028 [October-November 1619]. As appears in colophon on p.331, transcription of later section completed Ṣafar 1029 [February 1620]. Transcription of other sections likely completed around the same time.</subfield></datafield><datafield tag="500" ind1=" " ind2=" "><subfield code="a">Binding: Pasteboards covered in dark red leather with tan leather over spine and edges / turn-ins (possibly inverted recylcled cover with doublures now out) ; Type III binding (without flap) ; board linings in pink-tinted paper ; upper and lower covers carry central mandorla and pendants in gold-painted leather filigree appliqué over blue and green paper ; now sewn in white thread, two stations ; worked chevron endbands in pink and spring green, fairly good condition ; overall in somewhat poor condition with significant abrasion, lifting and losses of leather, staining, minor pest damage, etc.</subfield></datafield><datafield tag="500" ind1=" " ind2=" "><subfield code="a">Support: non-European laid paper with 9-10 laid lines per cm. (vertical, fairly distinct) and occasional pairs of chain lines faintly visible, somewhat cloudy formation, thin though sturdy, beige in color, well-sized and burnished ; some leaves tinted dull yellow or pale peach ; many leaves split and repaired (e.g. written area with headpiece and catchword of incipit page have been trimmed and mounted onto another leaf, etc.).</subfield></datafield><datafield tag="500" ind1=" " ind2=" "><subfield code="a">Decoration: Exquisite illuminated headpiece (ʻunwān / sarlawḥ) at opening of dībāchah on p.2 consisting of rectangular piece with gold cartouche carrying the title for the opening section (preface) in white ("ديباچه ديوان عرفي") flanked by elegant floral vegetal motifs in red, white, yellow, pink, lavender, and turquoise on fields of lapis lazuli and black, surmounted by a large (vertically elongated) w-shaped piece filled with superbly executed swirling floral vegetal decoration in gold, red, pink, lavender, yellow, turquoise, white, and light blue on fields of lapis lazuli and gold, entire piece set into an elaborate well of red, blue, gold, white, and turquoise bands ; another exquisite illuminated headpiece at the opening of the dīvān proper (begins with the qaṣīdahs) on p.22 similar in composition to the first but with vertically elongated scalloped semi-circular piece (dome) surmounting rectangular piece, more generous use of white and turquoise, well of heavy gold interlace with turquoise and lavender accents, and vertical stalks (tīgh) in tact ; written area of dībāchah incipit and facing page surrounded by a frame consisting of a series of red, gold, black and blue fillets, with text set off by gold cloud-bands ; written area elsewhere gold-flecked and surrounded by frame in gold with outermost blue rule ; additional illuminated headpieces appear at openings of sections on p.202, 230, 334, 368.</subfield></datafield><datafield tag="500" ind1=" " ind2=" "><subfield code="a">Script: Nastaʻlīq ; compact, elegant hand ; serifless, with effect of words descending to baseline, closed counters, and elongated horizontal strokes.</subfield></datafield><datafield tag="500" ind1=" " ind2=" "><subfield code="a">Layout: Written in 15 lines per page, mainly divided to two columns ; frame-ruled.</subfield></datafield><datafield tag="500" ind1=" " ind2=" "><subfield code="a">Collation: IV (8), I (10), 4 IV(42), III (48), 2 IV(64), III (70), 4 IV(102), 2 III(114), IV (122), III (128), IV (136), III (142), IV (122), III (128), IV (136), III (142), 3 IV(166), III (172), IV (180), I+1 (183), 4 IV(215), III (221), IV (229), II (233), III (239), 6 IV(287), III (293), 3 IV(317), V+1 (328) ; leaves between dībāchah and opening of dīvān left blank (pp.20-21) as well as between later sections (see pp.228-229, 332-333, 366-367) ; pp.295, 209, 351 left partially blank (perhaps for illustration never realized) ;catchwords present ; pagination in pencil, Western numerals, supplied during digitization.</subfield></datafield><datafield tag="500" ind1=" " ind2=" "><subfield code="a">Colophon: "تمت القصايد العرفيه تحريرا بتاريخ شهر ذى قعده سنه ١٠٢٨ كتبه الداعى عبد الغنى بكرى [؟] اللهم اغفر [له] ولوالديه" ; "تمت فى تاريخ شهر صفر سنه ١٠٢٩ كتبه الداعى عبد الغنى"</subfield></datafield><datafield tag="500" ind1=" " ind2=" "><subfield code="a">Incipit: [dībāchah] " حمدی که از نهایت شایستگی منزه از شایبه معین و تخصیص آمده اجمال آن ..." ; [dīvān, opening in the qaṣīdahs] "ای متاع درد در بازار جان انداخته ای متاع ..."</subfield></datafield><datafield tag="500" ind1=" " ind2=" "><subfield code="a">Title from inscription on 'title page' (p.1).</subfield></datafield><datafield tag="500" ind1=" " ind2=" "><subfield code="a">Ms. codex.</subfield></datafield><datafield tag="510" ind1="4" ind2=" "><subfield code="a">Cat. Pers. MSS. Brit. Mus.,</subfield><subfield code="c">p. 667 f.</subfield></datafield><datafield tag="520" ind1="8" ind2=" "><subfield code="a">Exquisite (though damaged) copy of the Dīvān of ʻUrfī Shīrāzī (d.1590 or 91).</subfield></datafield><datafield tag="538" ind1=" " ind2=" "><subfield code="a">Mode of access: Internet.</subfield></datafield><datafield tag="541" ind1=" " ind2=" "><subfield code="c">Purchase ;</subfield><subfield code="a">Acquired by purchase (funds donated by Horace Rackham).</subfield><subfield code="d">1924.</subfield></datafield><datafield tag="546" ind1=" " ind2=" "><subfield code="a">Persian.</subfield></datafield><datafield tag="561" ind1=" " ind2=" "><subfield code="a">Several former owners' marks on 'title page' (p.1), many effaced, including large oval seal impression ; another large oval seal impression on 'title page' of dīvān proper (p.21) and on p.199, 201, 227, 331, 655 appears to be dated 1022 [1613 or 14] in the name of one Khusraw (خسرو), impression at close accompanies ownership statement which reads "قد صار من متملكات العبد الفقير خسرو غفر ذنوبه" ; possible reading / study notice at close on p.655, partially illegible, followed by rectangular seal impression ; several effaced ownership statements on verso of final leaf (p.656).</subfield></datafield><datafield tag="650" ind1=" " ind2="0"><subfield code="a">Manuscripts, Persian</subfield><subfield code="z">Michigan</subfield><subfield code="z">Ann Arbor.</subfield></datafield><datafield tag="650" ind1=" " ind2="0"><subfield code="a">Persian poetry</subfield><subfield code="y">1500-1796.</subfield></datafield><datafield tag="655" ind1=" " ind2="7"><subfield code="a">Headpieces (layout features)</subfield><subfield code="y">16th century.</subfield><subfield code="2">aat</subfield></datafield><datafield tag="700" ind1="0" ind2=" "><subfield code="a">Abdülhamid</subfield><subfield code="b">II,</subfield><subfield code="c">Sultan of the Turks,</subfield><subfield code="d">1842-1918,</subfield><subfield code="e">former owner.</subfield></datafield><datafield tag="700" ind1="0" ind2=" "><subfield code="6">880-07</subfield><subfield code="a">ʻAbd al-Ghanī,</subfield><subfield code="d">fl.1620,</subfield><subfield code="e">scribe.</subfield></datafield><datafield tag="773" ind1="0" ind2=" "><subfield code="a">Abdul Hamid Collection.</subfield></datafield><datafield tag="880" ind1="0" ind2=" "><subfield code="6">700-07/</subfield><subfield code="a">عبد الغنى،</subfield><subfield code="e">ناسخ.</subfield></datafield><datafield tag="880" ind1="1" ind2="0"><subfield code="6">245-03/</subfield><subfield code="a">دیوان عرفی,</subfield><subfield code="f">[1029ه، 1620م].</subfield></datafield><datafield tag="880" ind1="1" ind2=" "><subfield code="6">100-01/</subfield><subfield code="a">عرفى شيرازى, محمد.</subfield></datafield><datafield tag="CID" ind1=" " ind2=" "><subfield code="a">006816035</subfield></datafield><datafield tag="DAT" ind1="0" ind2=" "><subfield code="a">20190719102639.0</subfield><subfield code="b">20190719000000.0</subfield></datafield><datafield tag="DAT" ind1="1" ind2=" "><subfield code="a">20190719090653.0</subfield><subfield code="b">2019-07-19T16:11:59Z</subfield></datafield><datafield tag="DAT" ind1="2" ind2=" "><subfield code="a">2015-10-10T18:00:06Z</subfield></datafield><datafield tag="CAT" ind1=" " ind2=" "><subfield code="a">SDR-MIU</subfield><subfield code="d">EX LIBRIS - ALEPH</subfield><subfield code="l">prepare.pl-004-008</subfield></datafield><datafield tag="FMT" ind1=" " ind2=" "><subfield code="a">BK</subfield></datafield><datafield tag="HOL" ind1=" " ind2=" "><subfield code="0">sdr-miu006816035</subfield><subfield code="a">MiU</subfield><subfield code="b">SDR</subfield><subfield code="c">MIU</subfield><subfield code="p">mdp.39015079129584</subfield><subfield code="s">MIU</subfield><subfield code="1">006816035</subfield></datafield><datafield tag="974" ind1=" " ind2=" "><subfield code="b">MIU</subfield><subfield code="c">MIU</subfield><subfield code="d">20190719</subfield><subfield code="s">lit-dlps-dc</subfield><subfield code="u">mdp.39015079129584</subfield><subfield code="y">1620</subfield><subfield code="r">pd</subfield><subfield code="q">bib</subfield><subfield code="t">non-US bib date1 &lt; 1879</subfield></datafield></record></collection>